% references.bib

@inproceedings{hyatt2017real,
	title={Real-time evolutionary model predictive control using a graphics processing unit},
	author={Hyatt, Phillip and Killpack, Marc D},
	booktitle={2017 IEEE-RAS 17th International Conference on Humanoid Robotics (Humanoids)},
	pages={569--576},
	year={2017},
	organization={IEEE}
}

@article{hyatt2019real,
  title={Real-Time Nonlinear Model Predictive Control Using a Graphics Processing Unit},
  author={Hyatt, Phillip},
  year={2019}
}

@misc{hyatt2020parameterized,
    title={Parameterized and GPU-Parallelized Real-Time Model Predictive Control for High Degree of Freedom Robots},
    author={Phillip Hyatt and Connor S. Williams and Marc D. Killpack},
    year={2020},
    eprint={2001.04931},
    archivePrefix={arXiv},
    primaryClass={eess.SY}
}

@article{martins2017multidisciplinary,
	title={Multidisciplinary Design Optimization},
	author={Martins, JRRA and Ning, A and Hicken, J},
	journal={Unpublished, Compiled January},
	volume={5},
	pages={9},
	year={2017}
}